@book{Goodfellow-et-al-2016,
    title={Deep Learning},
    author={Ian Goodfellow and Yoshua Bengio and Aaron Courville},
    publisher={MIT Press},
    note={\url{http://www.deeplearningbook.org}},
    year={2016}
}

@article{appartement,
	title={Rapport appartement}
}

@article{Pinaple,
	title={Rapport Pinaple}
}

@article{nips-2014,
	title = {Intro au GAN - 2014}}

@article{wgan,
	title = {Wasserstein GAN},
	author = {Martin Arjovsky, Soutmith Chintala, and Léon Bottou},
	publisher = {Courant Institute of Mathematical Sciences and Facebook AI Research},
	year = {2017}
}

@article{conservative-field,
	title={GANs are being fixed in more than a way},
	author={Ferenc Huszár},
	note={\url{http://www.inference.vc/gans-are-being-fixed-in-more-than-one-way/}}
}

@article{preuve-wgan,
	title={Wasserstein GAN and the Kantorovich-Rubinstein Duality},
	author={Vincent Hermann},
	note={\url{https://vincentherrmann.github.io/blog/wasserstein/}}
}

@article(optimiser,
	title=Comparaison des optimiser pour le GAN)